<record><leader>00000cas a2200000I  4500</leader><controlfield tag="001">24117088</controlfield><controlfield tag="008">910723u1935uuuuvaumr n       0   a0eng d</controlfield><datafield ind1=" " ind2=" " tag="010"><subfield code="a">sn 97066526 </subfield></datafield><datafield ind1=" " ind2=" " tag="040"><subfield code="a">VA@</subfield><subfield code="b">eng</subfield><subfield code="c">VA@</subfield><subfield code="d">OCL</subfield><subfield code="d">NVK</subfield><subfield code="d">OCL</subfield><subfield code="d">NVK</subfield><subfield code="d">OCLCQ</subfield></datafield><datafield ind1=" " ind2=" " tag="043"><subfield code="a">n-us-va</subfield></datafield><datafield ind1=" " ind2=" " tag="090"><subfield code="a">HD1485.P3</subfield><subfield code="b">V8</subfield></datafield><datafield ind1="0" ind2="4" tag="245"><subfield code="a">The Virginia farmer.</subfield></datafield><datafield ind1=" " ind2=" " tag="260"><subfield code="a">Hopewell, Va. :</subfield><subfield code="b">Modern Farm Pub. Co.,</subfield><subfield code="c">1935-</subfield></datafield><datafield ind1=" " ind2=" " tag="300"><subfield code="a">v.</subfield><subfield code="b">ill.</subfield><subfield code="c">34 1/2 x 28 cm.</subfield></datafield><datafield ind1=" " ind2=" " tag="310"><subfield code="a">Monthly</subfield></datafield><datafield ind1="0" ind2=" " tag="362"><subfield code="a">vol. 2, no. 1 (Mar. 1935)-</subfield></datafield><datafield ind1=" " ind2=" " tag="500"><subfield code="a">Editor: Dr. Meade Ferguson, 1935- ; Z.M.K. Fulton, Jr., &lt;1941&gt;-</subfield></datafield><datafield ind1=" " ind2=" " tag="500"><subfield code="a">Imprint varies: Amelia Court House, Va., &lt;1937&gt;; Richmond, Va., &lt;1941&gt;</subfield></datafield><datafield ind1=" " ind2=" " tag="500"><subfield code="a">Publisher varies: Quantico Pub. Co., &lt;1938&gt;.</subfield></datafield><datafield ind1=" " ind2=" " tag="550"><subfield code="a">Official organ of the Virginia State Grange and the Virginia Dark-Fired Tobacco Growers Association.</subfield></datafield><datafield ind1=" " ind2=" " tag="580"><subfield code="a">Vol. 15, no. 1 (Sept. 1946)- includes section: Tobacco Grower, previously published separately.</subfield></datafield><datafield ind1="2" ind2="0" tag="610"><subfield code="a">Virginia State Grange</subfield><subfield code="v">Newspapers.</subfield></datafield><datafield ind1="2" ind2="0" tag="610"><subfield code="a">Virginia Dark-Fired Tobacco Growers Association</subfield><subfield code="v">Newspapers.</subfield></datafield><datafield ind1=" " ind2="0" tag="650"><subfield code="a">Agriculture</subfield><subfield code="z">Virginia</subfield><subfield code="v">Newspapers.</subfield></datafield><datafield ind1=" " ind2="0" tag="651"><subfield code="a">Hopewell (Va.)</subfield><subfield code="v">Newspapers.</subfield></datafield><datafield ind1=" " ind2="0" tag="651"><subfield code="a">Richmond (Va.)</subfield><subfield code="v">Newspapers.</subfield></datafield><datafield ind1=" " ind2=" " tag="752"><subfield code="a">United States</subfield><subfield code="b">Virginia</subfield><subfield code="d">Richmond.</subfield></datafield><datafield ind1=" " ind2=" " tag="752"><subfield code="a">United States</subfield><subfield code="b">Virginia</subfield><subfield code="d">Hopewell.</subfield></datafield><datafield ind1="1" ind2=" " tag="777"><subfield code="t">Tobacco grower (Farmville, Va.)</subfield><subfield code="w">(DLC)sn 96096533</subfield></datafield></record>